<record><leader>00000cas a22000007a 4500</leader><controlfield tag="001">16619458</controlfield><controlfield tag="008">870831d18931912ohucr ne      0    0eng d</controlfield><datafield ind1=" " ind2=" " tag="010"><subfield code="a">sn 87076579 </subfield></datafield><datafield ind1=" " ind2=" " tag="040"><subfield code="a">ONP</subfield><subfield code="b">eng</subfield><subfield code="c">ONP</subfield><subfield code="d">OCLCQ</subfield></datafield><datafield ind1=" " ind2=" " tag="042"><subfield code="a">msc</subfield></datafield><datafield ind1="0" ind2=" " tag="130"><subfield code="a">Times-Democrat (Lima, Ohio : 1893)</subfield></datafield><datafield ind1="1" ind2="4" tag="245"><subfield code="a">The Times-Democrat.</subfield></datafield><datafield ind1=" " ind2=" " tag="260"><subfield code="a">Lima, Ohio :</subfield><subfield code="b">[s.n.],</subfield><subfield code="c">1893-1912.</subfield></datafield><datafield ind1=" " ind2=" " tag="310"><subfield code="a">Semiweekly</subfield></datafield><datafield ind1="0" ind2=" " tag="362"><subfield code="a">Vol. 40, no. 21 (Apr. 25, 1893)-v. 59, no. 87 (Mar. 1, 1912).</subfield></datafield><datafield ind1=" " ind2=" " tag="752"><subfield code="a">United States</subfield><subfield code="b">Ohio</subfield><subfield code="c">Allen</subfield><subfield code="d">Lima.</subfield></datafield><datafield ind1="0" ind2="0" tag="780"><subfield code="a">Allen County Democrat (Lima, Ohio : 1861)</subfield><subfield code="w">(DLC)sn 86079003</subfield></datafield></record>